@online{RN3,
   title = {Anuario estadístico del estado de Nuevo León},
   url = {http://www.inafed.gob.mx/work/enciclopedia/EMM19nuevoleon/municipios/19039a.html},
   type = {Página web},
   urldate = {2021-09-28}
}

@Book{Manchester,
    title = {Benchmarking: Unified Transport Authorities and Centralised Ticketing Systems},
    publisher = {University of Manchester},
    year = {2019},
    type = {Reporte}
}

@Book{RN6,
    author = {INEGI},
    title = {Información por entidad: Nuevo León},
    url = {http://cuentame.inegi.org.mx/monografias/informacion/nl/territorio/clima.aspx?tema=me&e=19},
    year = {2016},
    type = {Página web},
    urldate = {2021-09-28},
    note = {Instituto Nacional de Estadística y Geografía}
}

@Book{RN1,
   author = {INEGI},
   title = {Anuario estadístico del estado de Nuevo León},
   publisher = {Instituto Nacional de Estadística y Geografía},
   year = {1999},
   type = {Libro},
   note = {Instituto Nacional de Estadística y Geografía}
}

@Book{RN4,
   author = {INEGI},
   title = {Anuario estadístico del estado de Nuevo León},
   publisher = {Instituto Nacional de Estadística y Geografía},
   year = {1999},
   type = {Libro},
   note = {Instituto Nacional de Estadística y Geografía}
}

@Book{RN2,
   author = {INEGI},
   title = {Anuario estadístico y geográfico por entidad federativa 2017},
   publisher = {Instituto Nacional de Estadística y Geografía},
   year = {2017},
   type = {Libro},
   note = {Instituto Nacional de Estadística y Geografía}
}

@Book{RN5,
   author = {INEGI},
   title = {Anuario estadístico y geográfico por entidad federativa 2018},
   publisher = {Instituto Nacional de Estadística y Geografía},
   year = {2018},
   type = {Libro},
   note = {Instituto Nacional de Estadística y Geografía}
}

@Book{RN7,
    author = {Alfonso Reyes},
    title = {Use of green energy in public transportation: The Metrorrey's case},
    publisher = {USA: National Academy of sciences, engineering \& medicine},
    year = {2017},
    type = {Publicación}
}


@Book{Poblacion,
    title = {Nuevo Léon: Población Total y por Municipio},
    publisher = {Data Nuevo León},
    year = {2020},
    type = {Publicación},
    note = {Publicado con datos de la INEGI},
    url = {http://datos.nl.gob.mx/n-l-poblacion-total-y-por-municipio/},
    urldate = {2021-11-11}
}


@Online{DatosInegi,
    author = {OCISEVI}, 
    title = {Sistema de Información Georreferenciada de Incidentes de Alto Impacto},
    publisher = {Observatorio Ciudadano de Seguridad Vial},
    note = {Observatorio Ciudadano de Seguridad Vial con datos del INEGI}, 
    year = {2019},
    urldate = {2021-11-11},
    url = {http://www.ocisevi.org.mx/estadisticas.html},
    institution = {INEGI}
}

@Online{OCISEVI,
    author = {OCISEVI}, 
    title = {Reporte Siniestros Viales Anual: 2019},
    publisher = {Observatorio Ciudadano de Seguridad Vial},
    note = {Observatorio Ciudadano de Seguridad Vial con datos del INEGI}, 
    year = {2019},
    urldate = {2021-11-11},
    url = {http://www.ocisevi.org.mx/pdfs/reporte_siniestros_viales_anual_2019.pdf},
    institution = {INEGI}
}

@Online{DatosInegiDeVerdad,
    author = {INEGI},
    title = {Accidentes de Tránsito Terrestre en Zonas Urbanas y Suburbanas},
    publisher = {INEGI},
    urldate = {2021-11-11},
    note = {Base de datos libre pública del Instituto Nacional de Estadística y Geografía (INEGI)},
    url = {https://www.inegi.org.mx/programas/accidentes/}
}

@Book{TEC1,
    author = {María del Pilar Amézaga Alvarado},
    title = {Estudio de caso sobre el impacto en la ejecución del Programa de Transporte Masivo (PROTRAM) en las grandes ciudades. Caso comparativo del Sistema Metrobús del Distrito Federal con el Corredor Vial BRT en la Ciudad de Monterrey)},
    publisher = {Instituto Tecnológico y de estudios superiores de Monterrey},
    year = {2012},
    type = {Publicación}

}

@Online{SCT,
    author = {SCT},
    note = {Secretaría de Comunicaciones y Transportes},
    title = {Datos Viales: Nuevo León},
    url = {http://www.sct.gob.mx/fileadmin/DireccionesGrales/DGST/Datos-Viales-2013/Velocidad/19_NUEVO.pdf},
    urldate = {2021-11-11},
    year = {2012},
    type = {Reporte}
}

@Online{MasInegi,
    title = {Transporte de pasajeros: Número de Pasajeros transportados},
    author = {INEGI},
    url = {https://www.inegi.org.mx/temas/transporteurb/},
    urldate = {2021-11-11},
    note = {Instituto Nacional de Estadística y Geografía}
}

@Misc{Perfil,
    title = {Perfil estatal: Nuevo León},
    year = {2015},
    author = {ONL},
    urldate = {2021-11-11},
    url = {https://www.gob.mx/cms/uploads/attachment/file/242268/Nuevo_Le_n.pdf},
    note = {Observatorio Nacional de Lesiones}
}

@Online{LineasMetro,
    title = {Lineas del Metro: Monterrey},
    url = {https://lineasdelmetro.com.mx/monterrey/},
    urldate = {2021-11-11}
}